@inproceedings{zio2011p2p,
  title={P2P network for storage and query of a spatio-temporal flow of events},
  author={Ziotopoulos, A. and De Veciana, G.},
  booktitle={Pervasive Computing and Communications Workshops (PERCOM Workshops), 2011 IEEE International Conference on},
  pages={483--489},
  year={2011},
  organization={IEEE}
}

@inproceedings{yoneki2007socio,
  title={A socio-aware overlay for publish/subscribe communication in delay tolerant networks},
  author={Yoneki, E. and Hui, P. and Chan, S.Y. and Crowcroft, J.},
  booktitle={Proceedings of the 10th ACM Symposium on Modeling, analysis, and simulation of wireless and mobile systems},
  pages={225--234},
  year={2007},
  organization={ACM}
}

@inproceedings{kokku2008enabling,
  title={Enabling location specific real-time mobile applications},
  author={Kokku, R. and Sundaresan, K. and Jiang, G.},
  booktitle={Proceedings of the 3rd international workshop on Mobility in the evolving internet architecture},
  pages={19--24},
  year={2008},
  organization={ACM}
}

@inproceedings{motani2005peoplenet,
  title={Peoplenet: engineering a wireless virtual social network},
  author={Motani, M. and Srinivasan, V. and Nuggehalli, P.S.},
  booktitle={Proceedings of the 11th annual international conference on Mobile computing and networking},
  pages={243--257},
  year={2005},
  organization={ACM}
}

@inproceedings{chen1998event,
  title={Event-based spatio-temporal database design},
  author={Chen, J. and Jiang, J.},
  booktitle={Proceedings of ISPRS},
  year={1998}
}

@article{wang2005event,
  title={An event-based spatiotemporal approach},
  author={Wang, S. and Nakayama, K. and Kobayashi, Y. and Maekawa, M.},
  journal={ECTI Transactions on Computer and Information Technology, Thailand},
  year={2005}
}

@misc{mightios,
title={HOWTO: Create native-looking i{P}hone/i{P}ad applications from {H}{T}{M}{L}, {C}{S}{S} and {J}avaScript},
author={Might, M.},
howpublished={\url{http://tinyurl.com/matt-might-ios-js}}
}

@misc{marionette,
title={azurewraith/marionette},
author={Cochran, B.},
howpublished={\url{https://github.com/azurewraith/marionette}}
}

@techreport{michel2011gander,
  title={Gander: Personalizing search of the here and now},
  author={Michel, J. and Julien, C. and Payton, J. and Roman, G.C.},
  year={2011},
  institution={Technical Report TR-ARiSE-2011-007, The University of Texas at Austin}
}

@inproceedings{teixeira2006querying,
  title={Querying moving objects in SECONDO},
  author={Teixeira de Almeida, V. and Hartmut Guting, R. and Behr, T.},
  booktitle={Mobile Data Management, 2006. MDM 2006. 7th International Conference on},
  pages={47--47},
  year={2006},
  organization={IEEE}
}

@article{mountain2007geo,
  title={Geographic information retrieval in a mobile environment: evaluating the needs of mobile individuals},
  author={Mountain, D. and Macfarlane, A.},
  journal={Journal of Information Science},
  volume={33},
  number={5},
  pages={515--530},
  year={2007},
  publisher={Sage Publications}
}

@inproceedings{reichenbacher2009geo,
  title={Geographic relevance in mobile services},
  author={Reichenbacher, T.},
  booktitle={Proceedings of the 2nd International Workshop on Location and the Web},
  pages={10},
  year={2009},
  organization={ACM}
}